<record><leader>00000cas a2200000 a 4500</leader><controlfield tag="001">11530093</controlfield><controlfield tag="008">841228d18851886ksudr ne      0   a0eng d</controlfield><datafield ind1=" " ind2=" " tag="010"><subfield code="a">sn 84030436 </subfield></datafield><datafield ind1=" " ind2=" " tag="040"><subfield code="a">KSH</subfield><subfield code="b">eng</subfield><subfield code="c">KSH</subfield><subfield code="d">NPT</subfield><subfield code="d">OCL</subfield><subfield code="d">OCLCQ</subfield></datafield><datafield ind1=" " ind2=" " tag="042"><subfield code="a">msc</subfield></datafield><datafield ind1="0" ind2=" " tag="130"><subfield code="a">Daily graphic (Harper, Kan.)</subfield></datafield><datafield ind1="1" ind2="4" tag="245"><subfield code="a">The daily graphic.</subfield></datafield><datafield ind1=" " ind2=" " tag="260"><subfield code="a">Harper, Kan. :</subfield><subfield code="b">[s.n.],</subfield><subfield code="c">-1886.</subfield></datafield><datafield ind1=" " ind2=" " tag="300"><subfield code="a">v. ;</subfield><subfield code="c">55 cm.</subfield></datafield><datafield ind1=" " ind2=" " tag="310"><subfield code="a">Daily</subfield></datafield><datafield ind1="0" ind2=" " tag="362"><subfield code="a">-v. 2, no. 176 (Aug. 31, 1886).</subfield></datafield><datafield ind1="1" ind2=" " tag="362"><subfield code="a">Began with Feb. 18, 1885 issue.</subfield></datafield><datafield ind1=" " ind2=" " tag="580"><subfield code="a">Issued also in a weekly edition called: Harper graphic.</subfield></datafield><datafield ind1=" " ind2=" " tag="588"><subfield code="a">Description based on: No. 310 (Feb. 17, 1886).</subfield></datafield><datafield ind1=" " ind2=" " tag="752"><subfield code="a">United States</subfield><subfield code="b">Kansas</subfield><subfield code="c">Harper</subfield><subfield code="d">Harper.</subfield></datafield><datafield ind1="1" ind2=" " tag="775"><subfield code="t">Harper graphic</subfield><subfield code="w">(DLC)sn 84030441</subfield></datafield><datafield ind1="1" ind2=" " tag="029"><subfield code="a">AU@</subfield><subfield code="b">000023562789</subfield></datafield></record>